@Manual{R,
  title = {R: A Language and Environment for Statistical Computing},
  author = {{R Core Team}},
  organization = {R Foundation for Statistical Computing},
  address = {Vienna, Austria},
  year = {2012},
  note = {{ISBN} 3-900051-07-0},
  url = {http://www.R-project.org/},
}

@article{ihaka:1996,
  Author = {Ihaka, Ross and Gentleman, Robert},
	Journal = {Journal of Computational and Graphical Statistics},
	Number = 3,
	Pages = {299--314},
	Title = {R: A Language for Data Analysis and Graphics},
	Volume = 5,
	Year = 1996}


@article{bakkalbasi2006three,
  title={Three options for citation tracking: Google Scholar, Scopus and Web of Science},
  author={Bakkalbasi, Nisa and Bauer, Kathleen and Glover, Janis and Wang, Lei},
  journal={Biomedical digital libraries},
  volume={3},
  number={1},
  pages={7},
  year={2006},
  publisher={BioMed Central}
}


@article{falagas2008comparison,
  title={Comparison of PubMed, Scopus, web of science, and Google scholar: strengths and weaknesses},
  author={Falagas, Matthew E and Pitsouni, Eleni I and Malietzis, George A and Pappas, Georgios},
  journal={The FASEB journal},
  volume={22},
  number={2},
  pages={338--342},
  year={2008},
  publisher={Federation of American Societies for Experimental Biology}
}

@article{schmidt2016gaps,
  title={Gaps in affiliation indexing in Scopus and PubMed},
  author={Schmidt, Cynthia M and Cox, Roxanne and Fial, Alissa V and Hartman, Teresa L and Magee, Martha L},
  journal={Journal of the Medical Library Association: JMLA},
  volume={104},
  number={2},
  pages={138},
  year={2016},
  publisher={Medical Library Association}
}


@article{burnham2006scopus,
  title={Scopus database: a review},
  author={Burnham, Judy F},
  journal={Biomedical digital libraries},
  volume={3},
  number={1},
  pages={1},
  year={2006},
  publisher={BioMed Central}
}


@article{hirsch2005index,
  title={An index to quantify an individual's scientific research output},
  author={Hirsch, Jorge E},
  journal={Proceedings of the National academy of Sciences},
  volume={102},
  number={46},
  pages={16569--16572},
  year={2005},
  publisher={National Acad Sciences}
}


 @Article{bibliometrix,
    author = {Massimo Aria and Corrado Cuccurullo},
    title = {{bibliometrix}: An {R}-tool for comprehensive science mapping analysis},
    journal = {Journal of Informetrics},
    volume = {11},
    number = {4},
    pages = {959-975},
    publisher = {Elsevier},
    year = {2017},
    url = {https://doi.org/10.1016/j.joi.2017.08.007},
  }


  @Manual{scholar,
    author = {James Keirstead},
    title = {{scholar}: analyse citation data from {G}oogle {S}cholar},
    year = {2016},
    note = {R package version 0.1.5},
    url = {http://github.com/jkeirstead/scholar},
  }


  @Manual{gcite,
    title = {{gcite}: {G}oogle {C}itation Parser},
    author = {John Muschelli},
    year = {2018},
    note = {R package version 0.9.2},
    url = {https://CRAN.R-project.org/package=gcite},
  }


  @Book{ggplot2,
    author = {Hadley Wickham},
    title = {{ggplot2}: Elegant Graphics for Data Analysis},
    publisher = {Springer-Verlag New York},
    year = {2016},
    isbn = {978-3-319-24277-4},
    url = {http://ggplot2.org},
  }


  @Manual{httr,
    title = {{httr}: Tools for Working with {URLs} and {HTTP}},
    author = {Hadley Wickham},
    year = {2017},
    note = {R package version 1.3.1},
    url = {https://CRAN.R-project.org/package=httr},
  }



  @Manual{dplyr,
    title = {{dplyr}: A Grammar of Data Manipulation},
    author = {Hadley Wickham and Romain François and Lionel Henry and Kirill Müller},
    year = {2018},
    note = {R package version 0.7.7},
    url = {https://CRAN.R-project.org/package=dplyr},
  }
  
  @Manual{purrr,
    title = {{purrr}: Functional Programming Tools},
    author = {Lionel Henry and Hadley Wickham},
    year = {2018},
    note = {R package version 0.2.5},
    url = {https://CRAN.R-project.org/package=purrr},
  }  


  @Manual{tidyr,
    title = {{tidyr}: Easily Tidy Data with 'spread()' and 'gather()' Functions},
    author = {Hadley Wickham and Lionel Henry},
    year = {2018},
    note = {R package version 0.8.1},
    url = {https://CRAN.R-project.org/package=tidyr},
  }


  @Manual{stopwords,
    title = {{stopwords}: Multilingual Stopword Lists},
    author = {Kenneth Benoit and David Muhr and Kohei Watanabe},
    year = {2017},
    note = {R package version 0.9.0},
    url = {https://CRAN.R-project.org/package=stopwords},
  }


@article{wickham2014tidy,
  title={Tidy data},
  author={Wickham, Hadley and others},
  journal={Journal of Statistical Software},
  volume={59},
  number={10},
  pages={1--23},
  year={2014},
  publisher={Foundation for Open Access Statistics}
}


@article{egghe2006theory,
  title={Theory and practise of the {g}-index},
  author={Egghe, Leo},
  journal={Scientometrics},
  volume={69},
  number={1},
  pages={131--152},
  year={2006},
  publisher={Akad{\'e}miai Kiad{\'o}, co-published with Springer Science+ Business Media BV, Formerly Kluwer Academic Publishers BV}
}


@Manual{rticles,
  title = {{rticles}: Article Formats for R Markdown},
  author = {JJ Allaire and Yihui Xie and {R Foundation} and Hadley Wickham and {Journal of Statistical Software} and Ramnath  Vaidyanathan and {Association for Computing Machinery} and Carl Boettiger and {Elsevier} and Karl Broman and Kirill Mueller and Bastiaan Quast and Randall  Pruim and Ben Marwick and Charlotte Wickham and Oliver Keyes and Miao Yu and Daniel Emaasit and Thierry Onkelinx and Alessandro Gasparini and Marc-Andre Desautels and Dominik Leutnant and {MDPI} and Oğuzhan Öğreden and Dalton Hance and Daniel Nüst},
  year = {2018},
  note = {R package version 0.6},
  url = {https://CRAN.R-project.org/package=rticles},
}


@Article{jsonlite,
  title = {The {jsonlite} Package: A Practical and Consistent Mapping Between {JSON} Data and {R} Objects},
  author = {Jeroen Ooms},
  journal = {arXiv:1403.2805 [stat.CO]},
  year = {2014},
  url = {https://arxiv.org/abs/1403.2805},
}
