@Manual{R,
  title = {R: A Language and Environment for Statistical Computing},
  author = {{R Core Team}},
  organization = {R Foundation for Statistical Computing},
  address = {Vienna, Austria},
  year = {2012},
  note = {{ISBN} 3-900051-07-0},
  url = {http://www.R-project.org/},
}

@article{ihaka:1996,
  Author = {Ihaka, Ross and Gentleman, Robert},
	Journal = {Journal of Computational and Graphical Statistics},
	Number = 3,
	Pages = {299--314},
	Title = {R: A Language for Data Analysis and Graphics},
	Volume = 5,
	Year = 1996}


@article{bakkalbasi2006three,
  title={Three options for citation tracking: Google Scholar, Scopus and Web of Science},
  author={Bakkalbasi, Nisa and Bauer, Kathleen and Glover, Janis and Wang, Lei},
  journal={Biomedical digital libraries},
  volume={3},
  number={1},
  pages={7},
  year={2006},
  publisher={BioMed Central}
}


@article{falagas2008comparison,
  title={Comparison of PubMed, Scopus, web of science, and Google scholar: strengths and weaknesses},
  author={Falagas, Matthew E and Pitsouni, Eleni I and Malietzis, George A and Pappas, Georgios},
  journal={The FASEB journal},
  volume={22},
  number={2},
  pages={338--342},
  year={2008},
  publisher={Federation of American Societies for Experimental Biology}
}

@article{schmidt2016gaps,
  title={Gaps in affiliation indexing in Scopus and PubMed},
  author={Schmidt, Cynthia M and Cox, Roxanne and Fial, Alissa V and Hartman, Teresa L and Magee, Martha L},
  journal={Journal of the Medical Library Association: JMLA},
  volume={104},
  number={2},
  pages={138},
  year={2016},
  publisher={Medical Library Association}
}


@article{burnham2006scopus,
  title={Scopus database: a review},
  author={Burnham, Judy F},
  journal={Biomedical digital libraries},
  volume={3},
  number={1},
  pages={1},
  year={2006},
  publisher={BioMed Central}
}
